@article{example,
    author = {Author, A.},
    title = {Title of the paper},
    journal = {Journal Name},
    year = {2020},
    volume = {1},
    number = {1},
    pages = {1--10},
    publisher = {Publisher}
}
